@article{altman1989solving,
  title={Solving the jigsaw puzzle problem in linear time},
  author={Altman, Tom},
  journal={Applied Artificial Intelligence an International Journal},
  volume={3},
  number={4},
  pages={453--462},
  year={1989},
  publisher={Taylor \& Francis}
}
@article{demaine2007jigsaw,
  title={Jigsaw puzzles, edge matching, and polyomino packing: Connections and complexity},
  author={Demaine, Erik D and Demaine, Martin L},
  journal={Graphs and Combinatorics},
  volume={23},
  number={1},
  pages={195--208},
  year={2007},
  publisher={Springer}
}
@misc{levin1975computer,
  title={The Computer and Literary Studies},
  author={Levin, Samuel R},
  year={1975},
  publisher={JSTOR}
}
@inproceedings{marques2009reconstructing,
  title={Reconstructing strip-shredded documents using color as feature matching},
  author={Marques, Marlos AO and Freitas, Cinthia OA},
  booktitle={Proceedings of the 2009 ACM symposium on Applied Computing},
  pages={893--894},
  year={2009},
  organization={ACM}
}
@article{koller2006computer,
  title={Computer-aided reconstruction and new matches in the forma urbis romae},
  author={Koller, David and Levoy, Marc},
  journal={Bullettino Della Commissione Archeologica Comunale di Roma},
  volume={2},
  pages={103--125},
  year={2006}
}
@article{redmon2017yolo9000,
  title={YOLO9000: better, faster, stronger},
  author={Redmon, Joseph and Farhadi, Ali},
  journal={arXiv preprint},
  year={2017}
}
@inproceedings{he2017mask,
  title={Mask r-cnn},
  author={He, Kaiming and Gkioxari, Georgia and Doll{\'a}r, Piotr and Girshick, Ross},
  booktitle={Computer Vision (ICCV), 2017 IEEE International Conference on},
  pages={2980--2988},
  year={2017},
  organization={IEEE}
}
@article{yu2015multi,
  title={Multi-scale context aggregation by dilated convolutions},
  author={Yu, Fisher and Koltun, Vladlen},
  journal={arXiv preprint arXiv:1511.07122},
  year={2015}
}
@inproceedings{razavian2014cnn,
  title={CNN features off-the-shelf: an astounding baseline for recognition},
  author={Razavian, Ali Sharif and Azizpour, Hossein and Sullivan, Josephine and Carlsson, Stefan},
  booktitle={Computer Vision and Pattern Recognition Workshops (CVPRW), 2014 IEEE Conference on},
  pages={512--519},
  year={2014},
  organization={IEEE}
}
@article{ILSVRC15,
Author = {Olga Russakovsky and Jia Deng and Hao Su and Jonathan Krause and Sanjeev Satheesh and Sean Ma and Zhiheng Huang and Andrej Karpathy and Aditya Khosla and Michael Bernstein and Alexander C. Berg and Li Fei-Fei},
Title = {{ImageNet Large Scale Visual Recognition Challenge}},
Year = {2015},
journal   = {International Journal of Computer Vision (IJCV)},
doi = {10.1007/s11263-015-0816-y},
volume={115},
number={3},
pages={211-252}
}
@inproceedings{sholomon2016dnn,
  title={DNN-Buddies: a deep neural network-based estimation metric for the jigsaw puzzle problem},
  author={Sholomon, Dror and David, Omid E and Netanyahu, Nathan S},
  booktitle={International Conference on Artificial Neural Networks},
  pages={170--178},
  year={2016},
  organization={Springer}
}
@article{freeman1964apictorial,
  title={Apictorial jigsaw puzzles: The computer solution of a problem in pattern recognition},
  author={Freeman, Herbert and Garder, L},
  journal={IEEE Transactions on Electronic Computers},
  number={2},
  pages={118--127},
  year={1964},
  publisher={IEEE}
}
@inproceedings{sholomon2013genetic,
  title={A genetic algorithm-based solver for very large jigsaw puzzles},
  author={Sholomon, Dror and David, Omid and Netanyahu, Nathan S},
  booktitle={Computer Vision and Pattern Recognition (CVPR), 2013 IEEE Conference on},
  pages={1767--1774},
  year={2013},
  organization={IEEE}
}
@inproceedings{noroozi2016unsupervised,
  title={Unsupervised learning of visual representations by solving jigsaw puzzles},
  author={Noroozi, Mehdi and Favaro, Paolo},
  booktitle={European Conference on Computer Vision},
  pages={69--84},
  year={2016},
  organization={Springer}
}
@article{deryneural,
  title={Neural Combinatorial Optimization for Solving Jigsaw Puzzles: A Step Towards Unsupervised Pre-Training},
  author={Dery, Lucio and Mengistu, Robel and Awe, Oluwasanya},
  year={2016}
}
@inproceedings{krizhevsky2012imagenet,
  title={Imagenet classification with deep convolutional neural networks},
  author={Krizhevsky, Alex and Sutskever, Ilya and Hinton, Geoffrey E},
  booktitle={Advances in neural information processing systems},
  pages={1097--1105},
  year={2012}
}
@inproceedings{he2016deep,
  title={Deep residual learning for image recognition},
  author={He, Kaiming and Zhang, Xiangyu and Ren, Shaoqing and Sun, Jian},
  booktitle={Proceedings of the IEEE conference on computer vision and pattern recognition},
  pages={770--778},
  year={2016}
}
@article{simonyan2014very,
  title={Very deep convolutional networks for large-scale image recognition},
  author={Simonyan, Karen and Zisserman, Andrew},
  journal={arXiv preprint arXiv:1409.1556},
  year={2014}
}
