@article{freeman1964apictorial,
  title={Apictorial jigsaw puzzles: The computer solution of a problem in pattern recognition},
  author={Freeman, Herbert and Garder, L},
  journal={IEEE Transactions on Electronic Computers},
  number={2},
  pages={118--127},
  year={1964},
  publisher={IEEE}
}
@article{altman1989solving,
  title={Solving the jigsaw puzzle problem in linear time},
  author={Altman, Tom},
  journal={Applied Artificial Intelligence an International Journal},
  volume={3},
  number={4},
  pages={453--462},
  year={1989},
  publisher={Taylor \& Francis}
}
@article{demaine2007jigsaw,
  title={Jigsaw puzzles, edge matching, and polyomino packing: Connections and complexity},
  author={Demaine, Erik D and Demaine, Martin L},
  journal={Graphs and Combinatorics},
  volume={23},
  number={1},
  pages={195--208},
  year={2007},
  publisher={Springer}
}
@inproceedings{sholomon2013genetic,
  title={A genetic algorithm-based solver for very large jigsaw puzzles},
  author={Sholomon, Dror and David, Omid and Netanyahu, Nathan S},
  booktitle={Computer Vision and Pattern Recognition (CVPR), 2013 IEEE Conference on},
  pages={1767--1774},
  year={2013},
  organization={IEEE}
}
@inproceedings{sholomon2016dnn,
  title={DNN-Buddies: a deep neural network-based estimation metric for the jigsaw puzzle problem},
  author={Sholomon, Dror and David, Omid E and Netanyahu, Nathan S},
  booktitle={International Conference on Artificial Neural Networks},
  pages={170--178},
  year={2016},
  organization={Springer}
}
@inproceedings{noroozi2016unsupervised,
  title={Unsupervised learning of visual representations by solving jigsaw puzzles},
  author={Noroozi, Mehdi and Favaro, Paolo},
  booktitle={European Conference on Computer Vision},
  pages={69--84},
  year={2016},
  organization={Springer}
}
@article{deryneural,
  title={Neural Combinatorial Optimization for Solving Jigsaw Puzzles: A Step Towards Unsupervised Pre-Training},
  author={Dery, Lucio and Mengistu, Robel and Awe, Oluwasanya}
}
@inproceedings{krizhevsky2012imagenet,
  title={Imagenet classification with deep convolutional neural networks},
  author={Krizhevsky, Alex and Sutskever, Ilya and Hinton, Geoffrey E},
  booktitle={Advances in neural information processing systems},
  pages={1097--1105},
  year={2012}
}
@inproceedings{he2016deep,
  title={Deep residual learning for image recognition},
  author={He, Kaiming and Zhang, Xiangyu and Ren, Shaoqing and Sun, Jian},
  booktitle={Proceedings of the IEEE conference on computer vision and pattern recognition},
  pages={770--778},
  year={2016}
}
@article{simonyan2014very,
  title={Very deep convolutional networks for large-scale image recognition},
  author={Simonyan, Karen and Zisserman, Andrew},
  journal={arXiv preprint arXiv:1409.1556},
  year={2014}
}
